@book{SilAEC,
  author    = {Joseph H. Silverman},
  title     = {The Arithmetic of Elliptic Curves},
  series    = {Graduate Texts in Mathematics},
  volume    = {106},
  publisher = {Springer},
  year      = {2009}
}

@article{HeathBrown1992,
  author  = {D. R. Heath-Brown},
  title   = {A New Form of the Circle Method, and its Application to Certain Diophantine Problems},
  journal = {Quart. J. Math. Oxford},
  volume  = {43},
  year    = {1992},
  pages   = {283--312}
}

@article{BP,
  author  = {Enrico Bombieri and Jonathan Pila},
  title   = {The number of integral points on arcs and ovals},
  journal = {Duke Math. J.},
  volume  = {59},
  year    = {1989},
  pages   = {337--357}
}

@misc{MazurRubin2014,
  author = {Barry Mazur and Karl Rubin},
  title  = {Arithmetic Moduli of Elliptic Curves},
  note   = {preprint, 2014},
  url    = {https://arxiv.org/abs/1401.3611}
} 