@article{Bony1981,
  author  = {Jean-Michel Bony},
  title   = {Calcul symbolique and propagation of singularities},
  journal = {Annales scientifiques de l'É.N.S.},
  volume  = {14},
  year    = {1981},
  pages   = {209--246}
}

@article{FoiasTemam1989,
  author  = {C. Foias and R. Temam},
  title   = {Gevrey class regularity for the solutions of the Navier–Stokes equations},
  journal = {J. Funct. Anal.},
  volume  = {87},
  year    = {1989},
  pages   = {359--369}
}

%  add more as Sections 4–6 cite them 